% Revisiting
@article{Machado18,
  author    = {Marlos C. Machado and
               Marc G. Bellemare and
               Erik Talvitie and
               Joel Veness and
               Matthew J. Hausknecht and
               Michael Bowling},
  title     = {Revisiting the {Arcade Learning Environment}: Evaluation Protocols and
               Open Problems for General Agents},
  journal   = {Journal of Artificial Intelligence Research},
  volume    = {61},
  pages     = {523--562},
  year      = {2018},
  timestamp = {Wed, 04 Apr 2018 15:22:00 +0200},
  biburl    = {https://dblp.org/rec/bib/journals/jair/MachadoBTVHB18},
  bibsource = {dblp computer science bibliography, https://dblp.org}
}

% ALE
@article{Bellemare13,
  author    = {Marc G. Bellemare and
               Yavar Naddaf and
               Joel Veness and
               Michael Bowling},
  title     = {The {Arcade Learning Environment}: An Evaluation Platform for General Agents},
  journal   = {Journal of Artificial Intelligence Research},
  volume    = {47},
  pages     = {253--279},
  year      = {2013},
  timestamp = {Wed, 21 Jun 2017 14:58:55 +0200},
  biburl    = {https://dblp.org/rec/bib/journals/jair/BellemareNVB13},
  bibsource = {dblp computer science bibliography, https://dblp.org}
}

% Into to RL
@book{Sutton98,
  author    = {Richard S. Sutton and Andrew G. Barto},
  title     = {Reinforcement Learning: An Introduction},
  series    = {Adaptive computation and machine learning},
  publisher = {{MIT} Press},
  year      = {1998}
}

% Q-Learning
@article{Watkins92,
  author    = {Christopher J. C. H. Watkins and
               Peter Dayan},
  title     = {Q-Learning},
  journal   = {Machine Learning},
  volume    = {8},
  pages     = {279--292},
  year      = {1992},
  timestamp = {Sun, 28 May 2017 13:18:23 +0200},
  biburl    = {https://dblp.org/rec/bib/journals/ml/WatkinsD92},
  bibsource = {dblp computer science bibliography, https://dblp.org}
}

% DQN
@article{Mnih15,
  author    = {Volodymyr Mnih and
               Koray Kavukcuoglu and
               David Silver and
               Andrei A. Rusu and
               Joel Veness and
               Marc G. Bellemare and
               Alex Graves and
               Martin A. Riedmiller and
               Andreas Fidjeland and
               Georg Ostrovski and
               Stig Petersen and
               Charles Beattie and
               Amir Sadik and
               Ioannis Antonoglou and
               Helen King and
               Dharshan Kumaran and
               Daan Wierstra and
               Shane Legg and
               Demis Hassabis},
  title     = {Human-level control through deep reinforcement learning},
  journal   = {Nature},
  volume    = {518},
  number    = {7540},
  pages     = {529--533},
  year      = {2015},
  timestamp = {Sat, 20 May 2017 00:24:51 +0200},
  biburl    = {https://dblp.org/rec/bib/journals/nature/MnihKSRVBGRFOPB15},
  bibsource = {dblp computer science bibliography, https://dblp.org}
}

% AlphaGo
@article{Silver16,
  author    = {David Silver and
               Aja Huang and
               Chris J. Maddison and
               Arthur Guez and
               Laurent Sifre and
               George van den Driessche and
               Julian Schrittwieser and
               Ioannis Antonoglou and
               Vedavyas Panneershelvam and
               Marc Lanctot and
               Sander Dieleman and
               Dominik Grewe and
               John Nham and
               Nal Kalchbrenner and
               Ilya Sutskever and
               Timothy P. Lillicrap and
               Madeleine Leach and
               Koray Kavukcuoglu and
               Thore Graepel and
               Demis Hassabis},
  title     = {Mastering the game of Go with deep neural networks and tree search},
  journal   = {Nature},
  volume    = {529},
  number    = {7587},
  pages     = {484--489},
  year      = {2016},
  timestamp = {Sat, 20 May 2017 00:24:51 +0200},
  biburl    = {https://dblp.org/rec/bib/journals/nature/SilverHMGSDSAPL16},
  bibsource = {dblp computer science bibliography, https://dblp.org}
}

% Progressive NN
@article{Rusu16,
  author    = {Andrei A. Rusu and
               Neil C. Rabinowitz and
               Guillaume Desjardins and
               Hubert Soyer and
               James Kirkpatrick and
               Koray Kavukcuoglu and
               Razvan Pascanu and
               Raia Hadsell},
  title     = {Progressive Neural Networks},
  journal   = {CoRR},
  volume    = {abs/1606.04671},
  year      = {2016},
  archivePrefix = {arXiv},
  eprint    = {1606.04671},
  timestamp = {Wed, 07 Jun 2017 14:40:25 +0200},
  biburl    = {https://dblp.org/rec/bib/journals/corr/RusuRDSKKPH16},
  bibsource = {dblp computer science bibliography, https://dblp.org}
}


% MNIST LeNet
@article{Lecun98,
  title={Gradient-based learning applied to document recognition},
  author={LeCun, Yann and Bottou, L{\'e}on and Bengio, Yoshua and Haffner, Patrick},
  journal={Proceedings of the IEEE},
  volume={86},
  number={11},
  pages={2278--2324},
  year={1998},
  publisher={IEEE}
}


% NN Transferable features
@inproceedings{Yosinski14,
  author    = {Jason Yosinski and Jeff Clune and Yoshua Bengio and Hod Lipson},
  title     = {How transferable are features in deep neural networks?},
  booktitle = {Advances in Neural Information Processing Systems (NIPS)},
  pages     = {3320--3328},
  year      = {2014}
}


@inproceedings{Donahue14,
  author    = {Jeff Donahue and Yangqing Jia and Oriol Vinyals and Judy Hoffman and Ning Zhang and Eric Tzeng and Trevor Darrell},
  title     = {DeCAF: {A} Deep Convolutional Activation Feature for Generic Visual Recognition},
  booktitle = {Proceedings of the International Conference on Machine Learning (ICML)},
  pages     = {647--655},
  year      = {2014}
}

% OpenAI arcade benchmark
@article{Nichol18,
  author    = {Alex Nichol and Vicki Pfau and Christopher Hesse and Oleg Klimov and John Schulman},
  title     = {Gotta Learn Fast: {A} New Benchmark for Generalization in {RL}},
  journal   = {CoRR},
  volume    = {abs/1804.03720},
  year      = {2018}
}

% MAML
@inproceedings{Finn17,
  author    = {Chelsea Finn and Pieter Abbeel and Sergey Levine},
  title     = {Model-Agnostic Meta-Learning for Fast Adaptation of Deep Networks},
  booktitle = {Proceedings of the International Conference on Machine Learning (ICML)},
  pages     = {1126--1135},
  year      = {2017}
}

% Learning to RL
@article{Wang16,
  author    = {Jane X. Wang and Zeb Kurth{-}Nelson and Dhruva Tirumala and Hubert Soyer and Joel Z. Leibo and R{\'{e}}mi Munos and Charles Blundell and Dharshan Kumaran and Matthew Botvinick},
  title     = {Learning to Reinforcement Learn},
  journal   = {CoRR},
  volume    = {abs/1611.05763},
  year      = {2016}
}

% Actor Mimic
@InProceedings{Parisotto16,
  author    = {Emilio Parisotto and Lei Jimmy Ba and Ruslan Salakhutdinov},
  title     = {Actor-Mimic: Deep Multitask and Transfer Reinforcement Learning},
  booktitle = {Proceedings of the International Conference on Learning Representations (ICLR)},
  year      = {2016}
}

% IMPALA
@InProceedings{Espeholt18,
  author    = {Lasse Espeholt and Hubert Soyer and R{\'{e}}mi Munos and Karen Simonyan and Volodymyr Mnih and Tom Ward and Yotam Doron and Vlad Firoiu and Tim Harley and Iain Dunning and Shane Legg and Koray Kavukcuoglu},
  title     = {{IMPALA:} {Scalable} Distributed Deep-{RL} with Importance Weighted Actor-Learner Architectures},
  pages     = {1406--1415},
  booktitle = {Proceedings of the International Conference on Machine Learning (ICML)},
  year      = {2018}
}

% DRL that matters
@inproceedings{Henderson17,
  author    = {Peter Henderson and
               Riashat Islam and
               Philip Bachman and
               Joelle Pineau and
               Doina Precup and
               David Meger},
  title     = {Deep Reinforcement Learning That Matters},
  booktitle = {Proceedings of the {AAAI} Conference on Artificial Intelligence},
  year      = {2018},
  timestamp = {Thu, 03 May 2018 17:03:19 +0200},
  biburl    = {https://dblp.org/rec/bib/conf/aaai/0002IBPPM18},
  bibsource = {dblp computer science bibliography, https://dblp.org}
}

% CNN Feature transfer
@inproceedings{Razavian14,
  author    = {Ali Sharif Razavian and
               Hossein Azizpour and
               Josephine Sullivan and
               Stefan Carlsson},
  title     = {{CNN} Features Off-the-Shelf: An Astounding Baseline for Recognition},
  booktitle = {{IEEE} Conference on Computer Vision and Pattern Recognition ({CVPR}) Workshops},
  pages     = {512--519},
  year      = {2014},
  timestamp = {Thu, 25 May 2017 00:41:13 +0200},
  biburl    = {https://dblp.org/rec/bib/conf/cvpr/RazavianASC14},
  bibsource = {dblp computer science bibliography, https://dblp.org}
}

% Conv warm start
@inproceedings{Long15,
  author    = {Jonathan Long and
               Evan Shelhamer and
               Trevor Darrell},
  title     = {Fully convolutional networks for semantic segmentation},
  booktitle = {{IEEE} Conference on Computer Vision and Pattern Recognition ({CVPR})},
  pages     = {3431--3440},
  year      = {2015},
  timestamp = {Thu, 25 May 2017 00:41:21 +0200},
  biburl    = {https://dblp.org/rec/bib/conf/cvpr/LongSD15},
  bibsource = {dblp computer science bibliography, https://dblp.org}
}

% Xavier init
@inproceedings{Glorot10,
  author    = {Xavier Glorot and
               Yoshua Bengio},
  title     = {Understanding the difficulty of training deep feedforward neural networks},
  booktitle = {Proceedings of the International Conference on Artificial
               Intelligence and Statistics ({AISTATS})},
  pages     = {249--256},
  year      = {2010},
  timestamp = {Thu, 11 Sep 2014 07:28:56 +0200},
  biburl    = {https://dblp.org/rec/bib/journals/jmlr/GlorotB10},
  bibsource = {dblp computer science bibliography, https://dblp.org}
}

% Fine-tuning NLP
@article{Howard18,
  author    = {Jeremy Howard and
               Sebastian Ruder},
  title     = {Fine-tuned Language Models for Text Classification},
  journal   = {CoRR},
  volume    = {abs/1801.06146},
  year      = {2018},
  archivePrefix = {arXiv},
  eprint    = {1801.06146},
  timestamp = {Fri, 02 Feb 2018 14:20:25 +0100},
  biburl    = {https://dblp.org/rec/bib/journals/corr/abs-1801-06146},
  bibsource = {dblp computer science bibliography, https://dblp.org}
}

% Overfitting in deep RL
@article{Zhang18,
  author    = {Chiyuan Zhang and
               Oriol Vinyals and
               R{\'{e}}mi Munos and
               Samy Bengio},
  title     = {A Study on Overfitting in Deep Reinforcement Learning},
  journal   = {CoRR},
  volume    = {abs/1804.06893},
  year      = {2018},
  archivePrefix = {arXiv},
  eprint    = {1804.06893},
  timestamp = {Wed, 02 May 2018 15:55:01 +0200},
  biburl    = {https://dblp.org/rec/bib/journals/corr/abs-1804-06893},
  bibsource = {dblp computer science bibliography, https://dblp.org}
}

% Dropout
@article{Srivastava14,
  author    = {Nitish Srivastava and
               Geoffrey E. Hinton and
               Alex Krizhevsky and
               Ilya Sutskever and
               Ruslan Salakhutdinov},
  title     = {Dropout: {A} simple way to prevent neural networks from overfitting},
  journal   = {Journal of Machine Learning Research},
  volume    = {15},
  number    = {1},
  pages     = {1929--1958},
  year      = {2014},
  timestamp = {Sun, 05 Oct 2014 12:54:58 +0200},
  biburl    = {https://dblp.org/rec/bib/journals/jmlr/SrivastavaHKSS14},
  bibsource = {dblp computer science bibliography, https://dblp.org}
}


% NLP transfer NN
@inproceedings{Mou16,
  author    = {Lili Mou and
               Zhao Meng and
               Rui Yan and
               Ge Li and
               Yan Xu and
               Lu Zhang and
               Zhi Jin},
  title     = {How Transferable are Neural Networks in {NLP} Applications?},
  booktitle = {Proceedings of the Conference on Empirical Methods in Natural
               Language Processing ({EMNLP})},
  pages     = {479--489},
  year      = {2016},
  timestamp = {Fri, 04 Nov 2016 14:45:31 +0100}
}


% Sharp minima generalize
@inproceedings{Dinh17,
  author    = {Laurent Dinh and
               Razvan Pascanu and
               Samy Bengio and
               Yoshua Bengio},
  title     = {Sharp Minima Can Generalize For Deep Nets},
  booktitle = {Proceedings of the International Conference on Machine Learning {(ICML)}},
  pages     = {1019--1028},
  year      = {2017},
  timestamp = {Wed, 16 Aug 2017 11:08:55 +0200},
  biburl    = {https://dblp.org/rec/bib/conf/icml/DinhPBB17},
  bibsource = {dblp computer science bibliography, https://dblp.org}
}

% Procedural regularization
@article{Justesen2018,
  author    = {Niels Justesen and
               Ruben Rodriguez Torrado and
               Philip Bontrager and
               Ahmed Khalifa and
               Julian Togelius and
               Sebastian Risi},
  title     = {Procedural Level Generation Improves Generality of Deep Reinforcement
               Learning},
  journal   = {CoRR},
  volume    = {abs/1806.10729},
  year      = {2018},
  archivePrefix = {arXiv},
  eprint    = {1806.10729},
  timestamp = {Mon, 13 Aug 2018 16:46:26 +0200},
  bibsource = {dblp computer science bibliography, https://dblp.org}
}

% Hindsight experience replay
@inproceedings{Andrychowicz17,
  author    = {Marcin Andrychowicz and
               Dwight Crow and
               Alex Ray and
               Jonas Schneider and
               Rachel Fong and
               Peter Welinder and
               Bob McGrew and
               Josh Tobin and
               Pieter Abbeel and
               Wojciech Zaremba},
  title     = {Hindsight Experience Replay},
  booktitle = {Advances in Neural Information Processing Systems (NIPS)},
  pages     = {5055--5065},
  year      = {2017},
  timestamp = {Mon, 27 Nov 2017 12:38:48 +0100},
  biburl    = {https://dblp.org/rec/bib/conf/nips/AndrychowiczCRS17},
  bibsource = {dblp computer science bibliography, https://dblp.org}
}

% Rich generalization
@inproceedings{Sutton95,
  author    = {Richard S. Sutton},
  title     = {Generalization in Reinforcement Learning: Successful Examples Using
               Sparse Coarse Coding},
  booktitle = {Advances in Neural Information Processing Systems ({NIPS})},
  pages     = {1038--1044},
  year      = {1995},
  timestamp = {Mon, 18 Jun 2018 21:00:05 +0200},
  biburl    = {https://dblp.org/rec/bib/conf/nips/Sutton95},
  bibsource = {dblp computer science bibliography, https://dblp.org}
}

% Distral
@inproceedings{Teh17,
  author    = {Yee Whye Teh and
               Victor Bapst and
               Wojciech M. Czarnecki and
               John Quan and
               James Kirkpatrick and
               Raia Hadsell and
               Nicolas Heess and
               Razvan Pascanu},
  title     = {Distral: Robust multitask reinforcement learning},
  booktitle = {Advances in Neural Information Processing Systems ({NIPS})},
  pages     = {4499--4509},
  year      = {2017},
  timestamp = {Mon, 27 Nov 2017 12:38:48 +0100},
  biburl    = {https://dblp.org/rec/bib/conf/nips/TehBCQKHHP17},
  bibsource = {dblp computer science bibliography, https://dblp.org}
}

% Progress & compress
@inproceedings{Schwarz18,
  author    = {Jonathan Schwarz and
               Wojciech Czarnecki and
               Jelena Luketina and
               Agnieszka Grabska{-}Barwinska and
               Yee Whye Teh and
               Razvan Pascanu and
               Raia Hadsell},
  title     = {Progress {\&} Compress: {A} scalable framework for continual learning},
  booktitle = {Proceedings of the International Conference on Machine Learning ({ICML})},
  pages     = {4535--4544},
  year      = {2018},
  timestamp = {Fri, 13 Jul 2018 14:58:25 +0200},
  biburl    = {https://dblp.org/rec/bib/conf/icml/Schwarz0LGTPH18},
  bibsource = {dblp computer science bibliography, https://dblp.org}
}

% continual learning regularization
@article{Kirkpatrick16,
  author    = {James Kirkpatrick and
               Razvan Pascanu and
               Neil C. Rabinowitz and
               Joel Veness and
               Guillaume Desjardins and
               Andrei A. Rusu and
               Kieran Milan and
               John Quan and
               Tiago Ramalho and
               Agnieszka Grabska{-}Barwinska and
               Demis Hassabis and
               Claudia Clopath and
               Dharshan Kumaran and
               Raia Hadsell},
  title     = {Overcoming catastrophic forgetting in neural networks},
  journal   = {CoRR},
  volume    = {abs/1612.00796},
  year      = {2016},
  archivePrefix = {arXiv},
  eprint    = {1612.00796},
  timestamp = {Mon, 13 Aug 2018 16:46:13 +0200},
  biburl    = {https://dblp.org/rec/bib/journals/corr/KirkpatrickPRVD16},
  bibsource = {dblp computer science bibliography, https://dblp.org}
}
